<record><leader>00000cas a22000007a 4500</leader><controlfield tag="001">15987334</controlfield><controlfield tag="008">870616d19111916iaudn ne      0    0eng d</controlfield><datafield ind1=" " ind2=" " tag="010"><subfield code="a">sn 87057293 </subfield></datafield><datafield ind1=" " ind2=" " tag="040"><subfield code="a">INP</subfield><subfield code="b">eng</subfield><subfield code="c">INP</subfield><subfield code="d">OCLCQ</subfield></datafield><datafield ind1=" " ind2=" " tag="042"><subfield code="a">msc</subfield></datafield><datafield ind1="0" ind2=" " tag="130"><subfield code="a">Perry advertiser (Perry, Iowa : 1911)</subfield></datafield><datafield ind1="1" ind2="4" tag="245"><subfield code="a">The Perry advertiser.</subfield></datafield><datafield ind1="1" ind2="3" tag="246"><subfield code="a">Perry daily advertiser</subfield></datafield><datafield ind1=" " ind2=" " tag="260"><subfield code="a">Perry, Iowa :</subfield><subfield code="b">Zerwekh &amp; Zerwekh,</subfield><subfield code="c">1911-</subfield></datafield><datafield ind1=" " ind2=" " tag="300"><subfield code="a">v.</subfield></datafield><datafield ind1=" " ind2=" " tag="310"><subfield code="a">Daily (except Monday)</subfield></datafield><datafield ind1="0" ind2=" " tag="362"><subfield code="a">Vol. 1, no. 1 (June 20, 1911)-</subfield></datafield><datafield ind1="1" ind2=" " tag="362"><subfield code="a">Ceased July 1?, 1916.</subfield></datafield><datafield ind1=" " ind2=" " tag="752"><subfield code="a">United States</subfield><subfield code="b">Iowa</subfield><subfield code="c">Dallas</subfield><subfield code="d">Perry.</subfield></datafield><datafield ind1="0" ind2="0" tag="780"><subfield code="t">Perry advertiser (Perry, Iowa : 1885)</subfield><subfield code="w">(DLC)sn 87057292</subfield></datafield><datafield ind1="0" ind2="7" tag="785"><subfield code="t">Perry daily chief (Perry, Iowa : 1894)</subfield><subfield code="w">(DLC)sn 87057576</subfield></datafield><datafield ind1="0" ind2="7" tag="785"><subfield code="t">Perry daily chief and advertiser</subfield><subfield code="w">(DLC)sn 87057577</subfield></datafield></record>